@article{lawrence1997face,
  title={Face recognition: A convolutional neural-network approach},
  author={Lawrence, Steve and Giles, C Lee and Tsoi, Ah Chung and Back, Andrew D},
  journal={Neural Networks, IEEE Transactions on},
  volume={8},
  number={1},
  pages={98--113},
  year={1997},
  publisher={IEEE}
}

@article{quinlan1986induction,
  title={Induction of decision trees},
  author={Quinlan, J. Ross},
  journal={Machine learning},
  volume={1},
  number={1},
  pages={81--106},
  year={1986},
  publisher={Springer}
}

@article{peterson2009k,
  title={K-nearest neighbor},
  author={Peterson, Leif E},
  journal={Scholarpedia},
  volume={4},
  number={2},
  pages={1883},
  year={2009}
}

@article{svetnik2003random,
  title={Random forest: a classification and regression tool for compound classification and QSAR modeling},
  author={Svetnik, Vladimir and Liaw, Andy and Tong, Christopher and Culberson, J Christopher and Sheridan, Robert P and Feuston, Bradley P},
  journal={Journal of chemical information and computer sciences},
  volume={43},
  number={6},
  pages={1947--1958},
  year={2003},
  publisher={ACS Publications}
}

@article{hearst1998support,
  title={Support vector machines},
  author={Hearst, Marti A. and Dumais, Susan T and Osman, Edgar and Platt, John and Scholkopf, Bernhard},
  journal={Intelligent Systems and their Applications, IEEE},
  volume={13},
  number={4},
  pages={18--28},
  year={1998},
  publisher={IEEE}
}
@article{ko2000automatic,
  title={Automatic spike detection via an artificial neural network using raw EEG data: effects of data preparation and implications in the limitations of online recognition},
  author={Ko, Cheng-Wen and Chung, Hsiao-Wen},
  journal={Clinical Neurophysiology},
  volume={111},
  number={3},
  pages={477--481},
  year={2000},
  publisher={Elsevier}
}


@article{goelz2000wavelet,
  title={Wavelet analysis of transient biomedical signals and its application to detection of epileptiform activity in the EEG},
  author={Goelz, Hansjerg and Jones, Richard D and Bones, Philip J},
  journal={CLINICAL ELECTROENCEPHALOGRAPHY-CHICAGO-},
  volume={31},
  number={4},
  pages={181--191},
  year={2000},
  publisher={AMERICAN MEDICAL ELECTROENCEPHALOGRAPHIC ASSN}
}


@article{hellmann1999multifold,
  title={Multifold features determine linear equation for automatic spike detection applying neural nin interictal ECoG},
  author={Hellmann, Gunther},
  journal={Clinical neurophysiology},
  volume={110},
  number={5},
  pages={887--894},
  year={1999},
  publisher={Elsevier}
}

@article{dumpelmann1999visual,
  title={Visual and automatic investigation of epileptiform spikes in intracranial EEG recordings},
  author={D{\"u}mpelmann, M and Elger, CE},
  journal={Epilepsia},
  volume={40},
  number={3},
  pages={275--285},
  year={1999},
  publisher={Wiley Online Library}
}

@article{park1997detection,
  title={Detection of epileptiform activities in the EEG using neural network and expert system.},
  author={Park, Hyun S and Lee, Yong H and Kim, Nam G and Lee, Doo S and Kim, Sun I},
  journal={Studies in health technology and informatics},
  volume={52},
  pages={1255--1259},
  year={1997}
}

@article{ozdamar1998detection,
  title={Detection of spikes with artificial neural networks using raw EEG},
  author={{\"O}zdamar, {\"O} and Kalayci, T},
  journal={Computers and Biomedical Research},
  volume={31},
  number={2},
  pages={122--142},
  year={1998},
  publisher={Elsevier}
}


@article{feucht1997simultaneous,
  title={Simultaneous spike detection and topographic classification in pediatric surface EEGs},
  author={Feucht, Martha and Hoffmann, Katrin and Steinberger, Karl and Witte, Herbert and Benninger, Franz and Arnold, Matthias and Doering, Axel},
  journal={NeuroReport},
  volume={8},
  number={9},
  pages={2193--2197},
  year={1997},
  publisher={LWW}
}


@article{senhadji1995wavelet,
  title={Wavelet analysis of EEG for three-dimensional mapping of epileptic events},
  author={Senhadji, Lotfi and Dillenseger, Jean-Louis and Wendling, Fabrice and Rocha, Cristina and Kinie, Abel},
  journal={Annals of biomedical engineering},
  volume={23},
  number={5},
  pages={543--552},
  year={1995},
  publisher={Springer}
}


@article{pietila1994evaluation,
  title={Evaluation of a computerized system for recognition of epileptic activity during long-term {EEG} recording},
  author={Pietil{\"a}, T and Vapaakoski, S and Nousiainen, U and V{\"a}rri, A and Frey, Hl and H{\"a}kkinen, V and Neuvo, Y},
  journal={Electroencephalography and clinical neurophysiology},
  volume={90},
  number={6},
  pages={438--443},
  year={1994},
  publisher={Elsevier}
}


@article{sankar1992automatic,
  title={Automatic computer analysis of transients in {EEG}},
  author={Sankar, R and Natour, J},
  journal={Computers in biology and medicine},
  volume={22},
  number={6},
  pages={407--422},
  year={1992},
  publisher={Elsevier}
}


@article{hostetler1992assessment,
  title={Assessment of a computer program to detect epileptiform spikes},
  author={Hostetler, Wayne E and Doller, Herbert J and Homan, Richard W},
  journal={Electroencephalography and clinical neurophysiology},
  volume={83},
  number={1},
  pages={1--11},
  year={1992},
  publisher={Elsevier}
}

@article{witte1991use,
  title={Use of discrete Hilbert transformation for automatic spike mapping: a methodological investigation},
  author={Witte, H and Eiselt, M and Patakova, I and Petranek, S and Griessbach, G and Krajca, V and Rother, M},
  journal={Medical and Biological Engineering and Computing},
  volume={29},
  number={3},
  pages={242--248},
  year={1991},
  publisher={Springer}
}


@article{gotman1976automatic,
  title={Automatic recognition and quantification of interictal epileptic activity in the human scalp EEG},
  author={Gotman, J and Gloor, P},
  journal={Electroencephalography and clinical neurophysiology},
  volume={41},
  number={5},
  pages={513--529},
  year={1976},
  publisher={Elsevier}
}


@article{gotman1979automatic,
  title={Automatic recognition of inter-ictal epileptic activity in prolonged EEG recordings},
  author={Gotman, J and Ives, JR and Gloor, P},
  journal={Electroencephalography and clinical neurophysiology},
  volume={46},
  number={5},
  pages={510--520},
  year={1979},
  publisher={Elsevier}
}



@article{gotman1992state,
  title={State dependent spike detection: validation},
  author={Gotman, Jean and Wang, Li-Yan},
  journal={Electroencephalography and clinical neurophysiology},
  volume={83},
  number={1},
  pages={12--18},
  year={1992},
  publisher={Elsevier}
}



@article{lodder2014self,
  title={A self-adapting system for the automated detection of inter-ictal epileptiform discharges},
  author={Lodder, Shaun S and van Putten, Michel JAM},
  journal={PloS one},
  volume={9},
  number={1},
  year={2014},
  publisher={Public Library of Science}
}


@article{racette2014supply,
  title={Supply and demand analysis of the current and future US neurology workforce},
  author={Racette, Brad A and Holtzman, David M and Dall, Timothy M and Drogan, Oksana},
  journal={Neurology},
  volume={82},
  number={24},
  pages={2254--2255},
  year={2014},
  publisher={AAN Enterprises}
}


@article{benbadis2007errors,
  title={Errors in {EEG}s and the misdiagnosis of epilepsy: importance, causes, consequences, and proposed remedies},
  author={Benbadis, Selim R},
  journal={Epilepsy \& Behavior},
  volume={11},
  number={3},
  pages={257--262},
  year={2007},
  publisher={Academic Press}
}



@article{pillai2006interictal,
  title={Interictal {EEG} and the diagnosis of epilepsy},
  author={Pillai, Jyoti and Sperling, Michael R},
  journal={Epilepsia},
  volume={47},
  number={s1},
  pages={14--22},
  year={2006},
  publisher={Wiley Online Library}
}


@article{fountain2006eeg,
  title={{EEG} is an essential clinical tool: pro and con},
  author={Fountain, Nathan B and Freeman, John M},
  journal={Epilepsia},
  volume={47},
  number={s1},
  pages={23--25},
  year={2006},
  publisher={Wiley Online Library}
}


@article{van1992value,
  title={Value of the electroencephalogram in adult patients with untreated idiopathic first seizures},
  author={van Donselaar, Cees A and Schimsheimer, Robert-Jan and Geerts, Ada T and Declerck, August C},
  journal={Archives of Neurology},
  volume={49},
  number={3},
  pages={231--237},
  year={1992},
  publisher={American Medical Association}
}


@inproceedings{kim2001index,
  title={An index-based approach for similarity search supporting time warping in large sequence databases},
  author={Kim, Sang-Wook and Park, Sanghyun and Chu, Wesley W},
  booktitle={Data Engineering, 2001. Proceedings. 17th International Conference on},
  pages={607--614},
  year={2001},
  organization={IEEE}
}

@inproceedings{sakurai2005ftw,
  title={FTW: fast similarity search under the time warping distance},
  author={Sakurai, Yasushi and Yoshikawa, Masatoshi and Faloutsos, Christos},
  booktitle={Proceedings of the twenty-fourth ACM SIGMOD-SIGACT-SIGART symposium on Principles of database systems},
  pages={326--337},
  year={2005},
  organization={ACM}
}

@inproceedings{yi1998efficient,
  title={Efficient retrieval of similar time sequences under time warping},
  author={Yi, B-K and Jagadish, HV and Faloutsos, Christos},
  booktitle={Data Engineering, 1998. Proceedings., 14th International Conference on},
  pages={201--208},
  year={1998},
  organization={IEEE}
}

@inproceedings{zhang2011inner,
  title={An inner-product lower-bound estimate for dynamic time warping},
  author={Zhang, Yaodong and Glass, James R},
  booktitle={Acoustics, Speech and Signal Processing (ICASSP), 2011 IEEE International Conference on},
  pages={5660--5663},
  year={2011},
  organization={IEEE}
}

@article{zinke2006iterative,
  title={Iterative multi scale dynamic time warping},
  author={Zinke, Arno and Mayer, Dessislava},
  journal={Universit{\"a}t Bonn, CG-2006/1},
  year={2006}
}

%%%%%%%%%%%%%%%%%%%%%%%%%%%


@article{keogh2009supporting,
  title={Supporting exact indexing of arbitrarily rotated shapes and periodic time series under Euclidean and warping distance measures},
  author={Keogh, Eamonn and Wei, Li and Xi, Xiaopeng and Vlachos, Michail and Lee, Sang-Hee and Protopapas, Pavlos},
  journal={The VLDB Journal¡ªThe International Journal on Very Large Data Bases},
  volume={18},
  number={3},
  pages={611--630},
  year={2009},
  publisher={Springer-Verlag New York, Inc.}
}

@article{adams2005iterative,
  title={Iterative deepening for melody alignment and retrieval},
  author={Adams, Norman and Marquez, Daniela and Wakefield, Gregory},
  year={2005},
  publisher={Citeseer}
}

@article{alon2009unified,
  title={A unified framework for gesture recognition and spatiotemporal gesture segmentation},
  author={Alon, Jonathan and Athitsos, Vassilis and Yuan, Quan and Sclaroff, Stan},
  journal={Pattern Analysis and Machine Intelligence, IEEE Transactions on},
  volume={31},
  number={9},
  pages={1685--1699},
  year={2009},
  publisher={IEEE}
}

@inproceedings{chadwick2011classifying,
  title={Classifying eye and head movement artifacts in {EEG} Signals},
  author={Chadwick, Neisha A and McMeekin, David A and Tan, Tele},
  booktitle={Digital Ecosystems and Technologies Conference (DEST), 2011 Proceedings of the 5th IEEE International Conference on},
  pages={285--291},
  year={2011},
  organization={IEEE}
}

@article{keogh2003need,
  title={On the need for time series data mining benchmarks: a survey and empirical demonstration},
  author={Keogh, Eamonn and Kasetty, Shruti},
  journal={Data Mining and knowledge discovery},
  volume={7},
  number={4},
  pages={349--371},
  year={2003},
  publisher={Springer}
}

@article{ding2008querying,
  title={Querying and mining of time series data: experimental comparison of representations and distance measures},
  author={Ding, Hui and Trajcevski, Goce and Scheuermann, Peter and Wang, Xiaoyue and Keogh, Eamonn},
  journal={Proceedings of the VLDB Endowment},
  volume={1},
  number={2},
  pages={1542--1552},
  year={2008},
  publisher={VLDB Endowment}
}



@article{muller2007dynamic,
  title={Dynamic time warping},
  author={M{\"u}ller, Meinard},
  journal={Information retrieval for music and motion},
  pages={69--84},
  year={2007},
  publisher={Springer}
}

@inproceedings{berndt1994using,
  title={Using Dynamic Time Warping to Find Patterns in Time Series.},
  author={Berndt, Donald J and Clifford, James},
  booktitle={KDD workshop},
  volume={10},
  number={16},
  pages={359--370},
  year={1994},
  organization={Seattle, WA}
}

@article{keogh2005exact,
  title={Exact indexing of dynamic time warping},
  author={Keogh, Eamonn and Ratanamahatana, Chotirat Ann},
  journal={Knowledge and information systems},
  volume={7},
  number={3},
  pages={358--386},
  year={2005},
  publisher={Springer}
}


@article{EFA2014epilepsy,
 author               = {{E}pilepsy {F}oundation of {A}merica},
 journal              = {{E}pilepsy {F}oundation, http://www.epilepsy.com/learn/about-epilepsy-basics},
 title                = {About {E}pilepsy: {T}he {B}asics},
 year                 = {2014},
 }

@article{EoS2014epilepsy,
 author               = {{E}ncyclopedia of {S}urgery},
 journal              = {{E}ncyclopedia of {S}urgery, http://www.surgeryencyclopedia.com/Ce-Fi/Electroencephalography.html},
 title                = {Electroencephalography},
 year                 = {2014},
 }

% [1] Epilepsy
@article{world2014epilepsy,
  title={{W}orld {H}ealth {O}rganization Epilepsy {F}act {S}heet {N}$^\circ$999, 2012},
  author={WHO},
  year={2014}
}

% [2] EEG
@book{niedermeyer2005electroencephalography,
  title={Electroencephalography: basic principles, clinical applications, and related fields},
  author={Niedermeyer, Ernst and da Silva, FH Lopes},
  year={2005},
  publisher={Lippincott Williams \& Wilkins}
}

% [3] spike
@article{chatrian1974glossary,
  title={A glossary of terms most commonly used by clinical electroencephalographers},
  author={Chatrian, GE and Bergamini, L and Dondey, M and Klass, DW and Lennox-Buchthal, M and Petersen, I},
  journal={Electroencephalogr Clin Neurophysiol},
  volume={37},
  number={5},
  pages={538--548},
  year={1974}
}

% [4]
@article{wilson2002spike,
 author               = {Wilson, Scott B and Emerson, Ronald},
 journal              = {Clinical Neurophysiology},
 number               = {12},
 pages                = {1873--1881},
 publisher            = {Elsevier},
 title                = {Spike detection: a review and comparison of algorithms},
 volume               = {113},
 year                 = {2002},
 }

% [5]
@article{adjouadi2004interictal,
 author               = {Adjouadi, Malek and Sanchez, Danmary and Cabrerizo, Mercedes and Ayala, Melvin and Jayakar, Prasanna and Yaylali, Ilker and Barreto, Armando},
 journal              = {Biomedical Engineering, IEEE Transactions on},
 number               = {5},
 pages                = {868--872},
 publisher            = {IEEE},
 title                = {Interictal spike detection using the {W}alsh transform},
 volume               = {51},
 year                 = {2004},
 }

% [6]
@article{ossadtchi2004automated,
 author               = {Ossadtchi, A and Baillet, S and Mosher, JC and Thyerlei, D and Sutherling, W and Leahy, RM},
 journal              = {Clinical Neurophysiology},
 number               = {3},
 pages                = {508--522},
 publisher            = {Elsevier},
 title                = {Automated interictal spike detection and source localization in magnetoencephalography using independent components analysis and spatio-temporal clustering},
 volume               = {115},
 year                 = {2004},
 }

% [7]
@book{moore2011Online,
 author               = {Moore, Michael G and Kearsley, Greg},
 publisher            = {Cengage Learning},
 title                = {Distance education: A systems view of online learning},
 year                 = {2011},
 }

% [8] conference paper
@inproceedings{jj2014spikeGUI,
  title={Spike{GUI}: Software for Rapid Interictal Discharge Annotation via Template Matching and Online Machine Learning},
  author={Jing, Jin and Dauwels, Justin and Cash, S Sydney and Westover, M Brandon},
  booktitle={Engineering in Medicine and Biology Society (EMBC), 2014 36th Annual International Conference of the IEEE},
  year={2014},
  organization={IEEE}
}

%[9] DTW
@inproceedings{rakthanmanon2012searching,
  title={Searching and mining trillions of time series subsequences under dynamic time warping},
  author={Rakthanmanon, Thanawin and Campana, Bilson and Mueen, Abdullah and Batista, Gustavo and Westover, Brandon and Zhu, Qiang and Zakaria, Jesin and Keogh, Eamonn},
  booktitle={Proceedings of the 18th ACM SIGKDD international conference on Knowledge discovery and data mining},
  pages={262--270},
  year={2012},
  organization={ACM}
}

%[10] spike detection
@article{gotman1991state,
  title={State-dependent spike detection: concepts and preliminary results},
  author={Gotman, J and Wang, LY},
  journal={Electroencephalography and clinical neurophysiology},
  volume={79},
  number={1},
  pages={11--19},
  year={1991},
  publisher={Elsevier}
}

%[11]
@article{guedes1983spike,
  title={Spike detection based on a pattern recognition approach using a microcomputer},
  author={Guedes De Oliveira, Pedro and Queiroz, Carlos and Lopes Da Silva, Fernando},
  journal={Electroencephalography and clinical neurophysiology},
  volume={56},
  number={1},
  pages={97--103},
  year={1983},
  publisher={Elsevier}
}

%[12]
@article{wilson1999spike,
  title={Spike detection II: automatic, perception-based detection and clustering},
  author={Wilson, Scott B and Turner, Christine A and Emerson, Ronald G and Scheuer, Mark L},
  journal={Clinical neurophysiology},
  volume={110},
  number={3},
  pages={404--411},
  year={1999},
  publisher={Elsevier}
}

%[13]
@article{faure1985attributed,
  title={Attributed strings for recognition of epileptic transients in {EEG}},
  author={Faure, Claudie},
  journal={International journal of bio-medical computing},
  volume={16},
  number={3},
  pages={217--229},
  year={1985},
  publisher={Elsevier}
}

%[14]
@article{davey1989expert,
  title={Expert system approach to detection of epileptiform activity in the {EEG}},
  author={Davey, BLK and Fright, WR and Carroll, GJ and Jones, RD},
  journal={Medical and Biological Engineering and Computing},
  volume={27},
  number={4},
  pages={365--370},
  year={1989},
  publisher={Springer}
}

[15]
@article{gabor1992automated,
  title={Automated interictal {EEG} spike detection using artificial neural networks},
  author={Gabor, Andrew J and Seyal, Masud},
  journal={Electroencephalography and clinical Neurophysiology},
  volume={83},
  number={5},
  pages={271--280},
  year={1992},
  publisher={Elsevier}
}

[16]
@article{webber1994practical,
  title={Practical detection of epileptiform discharges ({ED}s) in the {EEG} using an artificial neural network: a comparison of raw and parameterized {EEG} data},
  author={Webber, WRS and Litt, Brian and Wilson, K and Lesser, RP},
  journal={Electroencephalography and clinical Neurophysiology},
  volume={91},
  number={3},
  pages={194--204},
  year={1994},
  publisher={Elsevier}
}

[17]
@article{ramabhadran1999automated,
  title={An automated system for epileptogenic focus localization in the electroencephalogram},
  author={Ramabhadran, Bhuvana and Frost Jr, James D and Glover, John R and Ktonas, Periklis Y},
  journal={Journal of clinical neurophysiology},
  volume={16},
  number={1},
  pages={59--68},
  year={1999},
  publisher={LWW}
}
[18]
@article{black2000real,
  title={Real-time detection of epileptiform activity in the {EEG}: a blinded clinical trial},
  author={Black, Michael A and Jones, Richard D and Carroll, Grant J and Dingle, Alison A and Donaldson, Ivan M and Parkin, Philip J},
  journal={Clinical {EEG} and Neuroscience},
  volume={31},
  number={3},
  pages={122--130},
  year={2000},
  publisher={SAGE Publications}
}

%[19] DTW
@article{sakoe1978dynamic,
  title={Dynamic programming algorithm optimization for spoken word recognition},
  author={Sakoe, Hiroaki and Chiba, Seibi},
  journal={Acoustics, Speech and Signal Processing, IEEE Transactions on},
  volume={26},
  number={1},
  pages={43--49},
  year={1978},
  publisher={IEEE}
}

%[20]
@inproceedings{keogh2000scaling,
  title={Scaling up dynamic time warping for datamining applications},
  author={Keogh, Eamonn J and Pazzani, Michael J},
  booktitle={Proceedings of the sixth ACM SIGKDD international conference on Knowledge discovery and data mining},
  pages={285--289},
  year={2000},
  organization={ACM}
}


% [21] OML
@article{rosenblatt1958perceptron,
  title={The perceptron: a probabilistic model for information storage and organization in the brain.},
  author={Rosenblatt, Frank},
  journal={Psychological review},
  volume={65},
  number={6},
  pages={386},
  year={1958},
  publisher={American Psychological Association}
}

% [22] OML
@inproceedings{crammer2009adaptive,
  title={Adaptive regularization of weight vectors},
  author={Crammer, Koby and Kulesza, Alex and Dredze, Mark},
  booktitle={Advances in Neural Information Processing Systems},
  pages={414--422},
  year={2009}
}

%[23] OML
@inproceedings{jin2010online,
  title={Online multiple kernel learning: Algorithms and mistake bounds},
  author={Jin, Rong and Hoi, Steven CH and Yang, Tianbao},
  booktitle={Algorithmic Learning Theory},
  pages={390--404},
  year={2010},
  organization={Springer}
}

% [24] OML
@inproceedings{zhao2011online,
  title={Online AUC maximization},
  author={Zhao, Peilin and Jin, Rong and Yang, Tianbao and Hoi, Steven C},
  booktitle={Proceedings of the 28th International Conference on Machine Learning (ICML-11)},
  pages={233--240},
  year={2011}
}

%[25]
@article{crammer2006online,
  title={Online passive-aggressive algorithms},
  author={Crammer, Koby and Dekel, Ofer and Keshet, Joseph and Shalev-Shwartz, Shai and Singer, Yoram},
  journal={The Journal of Machine Learning Research},
  volume={7},
  pages={551--585},
  year={2006},
  publisher={JMLR. org}
}

%[26]
@article{cesa2005second,
  title={A second-order perceptron algorithm},
  author={Cesa-Bianchi, Nicol{\`o} and Conconi, Alex and Gentile, Claudio},
  journal={SIAM Journal on Computing},
  volume={34},
  number={3},
  pages={640--668},
  year={2005},
  publisher={SIAM}
}

%[27]
@inproceedings{dredze2008confidence,
  title={Confidence-weighted linear classification},
  author={Dredze, Mark and Crammer, Koby and Pereira, Fernando},
  booktitle={Proceedings of the 25th international conference on Machine learning},
  pages={264--271},
  year={2008},
  organization={ACM}
}

%[28]
@inproceedings{crammer2009multi,
  title={Multi-class confidence weighted algorithms},
  author={Crammer, Koby and Dredze, Mark and Kulesza, Alex},
  booktitle={Proceedings of the 2009 Conference on Empirical Methods in Natural Language Processing: Volume 2-Volume 2},
  pages={496--504},
  year={2009},
  organization={Association for Computational Linguistics}
}

%[29]
@inproceedings{orabona2010new,
  title={New adaptive algorithms for online classification},
  author={Orabona, Francesco and Crammer, Koby},
  booktitle={Advances in neural information processing systems},
  pages={1840--1848},
  year={2010}
}

%[30]
@article{wang2012exact,
  title={Exact soft confidence-weighted learning},
  author={Wang, Jialei and Zhao, Peilin and Hoi, Steven CH},
  journal={arXiv preprint arXiv:1206.4612},
  year={2012}
}

%[31]
@article{li2002relaxed,
 author               = {Li, Yi and Long, Philip M},
 journal              = {Machine Learning},
 number               = {1-3},
 pages                = {361--387},
 publisher            = {Springer},
 title                = {The relaxed online maximum margin algorithm},
 volume               = {46},
 year                 = {2002},
 }
%[32]

@article{zinkevich2003online,
 author               = {Zinkevich, Martin},
 journal              = { },
 publisher            = {School of Computer Science, Carnegie Mellon University},
 title                = {Online convex programming and generalized infinitesimal gradient ascent},
 year                 = {2003},
 }

%[34]
@inproceedings{yang2009online,
 author               = {Yang, Liu and Jin, Rong and Ye, Jieping},
 booktitle            = {Proceedings of the 26th Annual International Conference on Machine Learning},
 organization         = {ACM},
 pages                = {1153--1160},
 title                = {Online learning by ellipsoid method},
 year                 = {2009},
 }

%[35]
@inproceedings{crammer2010learning,
 author               = {Crammer, Koby and Lee, Daniel D},
 booktitle            = {NIPS},
 pages                = {451--459},
 title                = {Learning via {G}aussian Herding},
 year                 = {2010},
 }
%[36]

@article{hoi2012Online,
 author               = {Hoi, Steven CH and Wang, Jialei and Zhao, Peilin},
 journal              = {Nanyang Technological University},
 title                = {LIBOL: A Library for Online Learning Algorithms},
 year                 = {2012},
 }

 %[37]
 @article{polani2013kullback,
 author               = {Polani, Daniel},
 journal              = {Encyclopedia of Systems Biology},
 pages                = {1087--1088},
 publisher            = {Springer},
 title                = {Kullback-Leibler Divergence},
 year                 = {2013},
 }

%[38]
@article{mukhopadhyay1998new,
 author               = {Mukhopadhyay, Sudipta and Ray, GC},
 journal              = {Biomedical Engineering, IEEE Transactions on},
 number               = {2},
 pages                = {180--187},
 publisher            = {IEEE},
 title                = {A new interpretation of nonlinear energy operator and its efficacy in spike detection},
 volume               = {45},
 year                 = {1998},
 }

%[39]
@book{mathworks2005matlab,
 author               = {MathWorks, Inc},
 publisher            = {MathWorks},
 title                = {MATLAB: the language of technical computing. Desktop tools and development environment, version 7},
 volume               = {9},
 year                 = {2005},
 }


@InProceedings{C2,
  author = 	 "Jones, C.D. and Smith, A.B. and Roberts, E.F.",
  title =        "Article Title",
  booktitle =        "Proceedings Title",
  organization = "IEEE",
  year = 	 "2003",
  volume = 	 "II",
  pages = 	 "803-806"
}

 @inproceedings{icml2013_sutskever13,
    Publisher = {JMLR Workshop and Conference Proceedings},
    Title = {On the importance of initialization and momentum in deep learning},
    Url = {http://jmlr.org/proceedings/papers/v28/sutskever13.pdf},
    Booktitle = {Proceedings of the 30th International Conference on Machine Learning (ICML-13)},
    Author = {Ilya Sutskever and James Martens and George Dahl and Geoffrey Hinton},
    Number = {3},
    Month = may,
    Volume = {28},
    Editor = {Sanjoy Dasgupta and David Mcallester},
    Year = {2013},
    Pages = {1139-1147},
    Abstract = {Deep and recurrent neural networks (DNNs and RNNs respectively) are powerful models that were considered to be almost impossible to train using stochastic gradient descent with momentum. In this paper, we show that when stochastic gradient descent with momentum uses a well-designed random initialization and a particular type of slowly increasing schedule for the momentum parameter, it can train both DNNs and RNNs (on datasets with long-term dependencies) to levels of performance that were previously achievable only with Hessian-Free optimization. We find that both the initialization and the momentum are crucial since poorly initialized networks cannot be trained with momentum and well-initialized networks perform markedly worse when the momentum is absent or poorly tuned. Our success training these models suggests that previous attempts to train deep and recurrent neural networks from random initializations have likely failed due to poor initialization schemes. Furthermore, carefully tuned momentum methods suffice for dealing with the curvature issues in deep and recurrent network training objectives without the need for sophisticated second-order methods. }
   }

@incollection{NIPS2012_4824,
title = {ImageNet Classification with Deep Convolutional Neural Networks},
author = {Alex Krizhevsky and Sutskever, Ilya and Geoffrey E. Hinton},
booktitle = {Advances in Neural Information Processing Systems 25},
editor = {F. Pereira and C.J.C. Burges and L. Bottou and K.Q. Weinberger},
pages = {1097--1105},
year = {2012},
publisher = {Curran Associates, Inc.},
url = {http://papers.nips.cc/paper/4824-imagenet-classification-with-deep-convolutional-neural-networks.pdf}
}

@INPROCEEDINGS{bergstra+al:2010-scipy,
     author = {Bergstra, James and Breuleux, Olivier and Bastien, Fr{\'{e}}d{\'{e}}ric and Lamblin, Pascal and Pascanu, Razvan and Desjardins, Guillaume and Turian, Joseph and Warde-Farley, David and Bengio, Yoshua},
      month = jun,
      title = {Theano: a {CPU} and {GPU} Math Expression Compiler},
  booktitle = {Proceedings of the Python for Scientific Computing Conference ({SciPy})},
       year = {2010},
   location = {Austin, TX},
       note = {Oral Presentation},
   abstract = {Theano is a compiler for mathematical expressions in Python that combines the convenience of NumPy’s syntax with the speed of optimized native machine language. The user composes mathematical expressions in a high-level description that mimics NumPy’s syntax and semantics, while being statically typed and
functional (as opposed to imperative). These expressions allow Theano to provide symbolic differentiation. Before performing computation, Theano optimizes the choice of expressions, translates
them into C++ (or CUDA for GPU), compiles them into dynamically loaded Python modules, all automatically. Common machine learning algorithms implemented with Theano are from 1.6× to 7.5× faster than competitive alternatives (including those implemented with C/C++, NumPy/SciPy and MATLAB) when compiled for the
CPU and between 6.5× and 44× faster when compiled for the GPU. This paper illustrates how to use Theano, outlines the scope of the compiler, provides benchmarks on both CPU and GPU processors, and explains its overall design.}
}
