@inproceedings{jin2014spikegui,
  title={SpikeGUI: Software for rapid interictal discharge annotation via template matching and online machine learning},
  author={Jin, Jing and Dauwels, Justin and Cash, Sydney and Westover, M Brandon},
  booktitle={Engineering in Medicine and Biology Society (EMBC), 2014 36th Annual International Conference of the IEEE},
  pages={4435--4438},
  year={2014},
  organization={IEEE}
}

@article{sonderby2015convolutional,
  title={Convolutional LSTM Networks for Subcellular Localization of Proteins},
  author={S{\o}nderby, S{\o}ren Kaae and S{\o}nderby, Casper Kaae and Nielsen, Henrik and Winther, Ole},
  journal={arXiv preprint arXiv:1503.01919},
  year={2015}
}

@misc{sander_dieleman_2015_27878,
  author       = {Sander Dieleman and
                  Jan Schlüter and
                  Colin Raffel and
                  Eben Olson and
                  Søren Kaae Sønderby and
                  Daniel Nouri and
                  Daniel Maturana and
                  Martin Thoma and
                  Eric Battenberg and
                  Jack Kelly and
                  Jeffrey De Fauw and
                  Michael Heilman and
                  diogo149 and
                  Brian McFee and
                  Hendrik Weideman and
                  takacsg84 and
                  peterderivaz and
                  Jon and
                  instagibbs and
                  Dr. Kashif Rasul and
                  CongLiu and
                  Britefury and
                  Jonas Degrave},
  title        = {Lasagne: First release.},
  month        = aug,
  year         = 2015,
  doi          = {10.5281/zenodo.27878},
  url          = {http://dx.doi.org/10.5281/zenodo.27878}
}

@MISC{Bastien-Theano-2012,
        author = {Bastien, Fr{\'{e}}d{\'{e}}ric and Lamblin, Pascal and Pascanu, Razvan and Bergstra, James and Goodfellow, Ian J. and Bergeron, Arnaud and Bouchard, Nicolas and Bengio, Yoshua},
         title = {Theano: new features and speed improvements},
          year = {2012},
  howpublished = {Deep Learning and Unsupervised Feature Learning NIPS 2012 Workshop},
      abstract = {Theano is a linear algebra compiler that optimizes a user’s symbolically-speciﬁed
mathematical computations to produce efﬁcient low-level implementations. In
this paper, we present new features and efﬁciency improvements to Theano, and
benchmarks demonstrating Theano’s performance relative to Torch7, a recently
introduced machine learning library, and to RNNLM, a C++ library targeted at
recurrent neural networks.}
}

@Article{Simonyan14c,
    author       = "Simonyan, K. and Zisserman, A.",
    title        = "Very Deep Convolutional Networks for Large-Scale Image Recognition",
    journal      = "CoRR",
    volume       = "abs/1409.1556",
    year         = "2014"
}

@article{DBLP:journals/corr/HeZR015,
  author    = {Kaiming He and
               Xiangyu Zhang and
               Shaoqing Ren and
               Jian Sun},
  title     = {Delving Deep into Rectifiers: Surpassing Human-Level Performance on
               ImageNet Classification},
  journal   = {CoRR},
  volume    = {abs/1502.01852},
  year      = {2015},
  url       = {http://arxiv.org/abs/1502.01852},
  timestamp = {Mon, 02 Mar 2015 14:17:34 +0100},
  biburl    = {http://dblp.uni-trier.de/rec/bib/journals/corr/HeZR015},
  bibsource = {dblp computer science bibliography, http://dblp.org}
}

@article{JMLR:v15:srivastava14a,
  author  = {Nitish Srivastava and Geoffrey Hinton and Alex Krizhevsky and Ilya Sutskever and Ruslan Salakhutdinov},
  title   = {Dropout: A Simple Way to Prevent Neural Networks from Overfitting},
  journal = {Journal of Machine Learning Research},
  year    = {2014},
  volume  = {15},
  pages   = {1929-1958},
  url     = {http://jmlr.org/papers/v15/srivastava14a.html}
}

@article{DBLP:journals/corr/ZhangL15,
  author    = {Xiang Zhang and
               Yann LeCun},
  title     = {Text Understanding from Scratch},
  journal   = {CoRR},
  volume    = {abs/1502.01710},
  year      = {2015},
  url       = {http://arxiv.org/abs/1502.01710},
  timestamp = {Mon, 02 Mar 2015 14:17:34 +0100},
  biburl    = {http://dblp.uni-trier.de/rec/bib/journals/corr/ZhangL15},
  bibsource = {dblp computer science bibliography, http://dblp.org}
}